\emergencystretch=1em

@article{dubey2021activation,
  title={Activation Functions in Deep learning: A Comprehensive Survey and Benchmark},
  author={Dubey, S. R. and Singh, S. K. and Chaudhuri, B. B.},
  journal={Machine Learning},
  url={https://arxiv.org/abs/2109\.14545},
  year={2021}
}

@article{ridnik2023mldecoder,
  title={ML-decoder: Scalable and Versatile Classification Head},
  author={Ridnik, T. and Sharir, G. and Ben-Cohen, A. and Ben-Baruch, E. and Noy, A.},
  journal={Computer Vision and Pattern Recognition},
  url={https://arxiv.org/abs/2111\.12933},
  year={2023}
}

@misc{resnet,
  title={ResNet},
  author={Torchvision},
  journal={ResNet - Torchvision main documentation},
  url={https://pytorch.org/vision/main/models/resnet.html}
}

@article{he2015deepresidual,
  title={Deep residual learning for image recognition},
  author={He, K. and Zhang, X. and Ren, S. and Sun, J.},
  journal={arXiv.org},
  url={https://arxiv.org/abs/1512\.03385},
  year={2015}
}

@article{sarker2021,
  title={Machine Learning: Algorithms, Real-World Applications and Research Directions},
  author={Sarker, I. H.},
  journal={SN Computer Science},
  year={2021}
}

@misc{pytorch,
  title={Library Overview},
  author={PyTorch},
  url={https://pytorch.org/}
}

@misc{tensorflow,
  title={TensorFlow},
  author={TensorFlow},
  url={https://www.tensorflow.org/}
}

@misc{densenet,
  title={DenseNet},
  author={PyTorch},
  url={https://pytorch.org/hub/pytorch\_vision\_densenet/}
}

@misc{ben,
  title={Models},
  author={PyTorch},
  url={https://pytorch.org/vision/main/models.html}
}
